@inproceedings{glorot2010understanding,
  title={Understanding the difficulty of training deep feedforward neural networks},
  author={Glorot, Xavier and Bengio, Yoshua},
  booktitle={International conference on artificial intelligence and statistics},
  pages={249--256},
  year={2010}
}

@misc{ DeepTut,
  author = "Vasilev, Ivan",
  title = "A Deep Learning Tutorial: From Perceptrons to Deep Networks",
  url = "http://www.toptal.com/machine-learning/an-introduction-to-deep-learning-from-perceptrons-to-deep-networks",
  note = {Online; accessed 19-February-2016}
}

@misc{ MNIST,
  author = "LeCun, Yann and Cortes, Corinna and Burges, Christopher J.C.",
  title = "THE MNIST DATABASE of handwritten digits",
  url = "http://yann.lecun.com/exdb/mnist/",
  note = {Online; accessed 19-February-2016}
}